@misc{wiki:license,
	title = "Licensing update",
	howpublished = "[online]",
	note = "Dostępny w internecie: \url{http://meta.wikimedia.org/wiki/Licensing_update/Result}"
}
@misc{wikt:dlaczego,
	title = "Dlaczego Wikisłownik?",
	howpublished = "[online]",
	note = "Dostępny w internecie: \url{http://pl.wiktionary.org/wiki/Wikisłownik:Dlaczego_Wikisłownik}"
}
@misc{enwikt:admin,
	title = "Wiktionary: Administrators",
	howpublished = "[online]",
	note = "Dostępny w internecie: \url{http://en.wiktionary.org/wiki/Wiktionary:Administrators}"
}
@misc{wikt:admin,
	title = "Wikisłownik: Administratorzy",
	howpublished = "[online]",
	note = "Dostępny w internecie: \url{http://pl.wiktionary.org/wiki/Wikisłownik:Administratorzy}"
}
@misc{wiki:admin,
	title = "Administrators of various Wikipedias",
	howpublished = "[online]",
	note = "Dostępny w internecie: \url{http://meta.wikimedia.org/wiki/Administrators_of_various_Wikipedias}"
}
@misc{wikt:home,
	title = "Wikisłownik",
	howpublished = "[online]",
	note = "Dostępny w internecie: \url{http://pl.wiktionary.org/wiki/Wikisłownik:Strona_główna}"
}
@misc{wikt:list,
	title = "Wiktionary: List of Wiktionaries",
	howpublished = "[online]",
	note = "Dostępny w internecie: \url{http://meta.wikimedia.org/wiki/Wiktionary#List_of_Wiktionaries}"
}
@misc{wiki:survey,
	title = "Wikipedia General Survey: Overview",
	howpublished = "[online]",
	note = "Dostępny w internecie: \url{http://upload.wikimedia.org/wikipedia/foundation/a/a7/Wikipedia_General_Survey-Overview_0.3.9.pdf}"
}
@misc{wiki:wiked,
	title = "wikEd",
	howpublished = "[online]",
	note = "Dostępny w internecie: \url{http://en.wikipedia.org/wiki/User:Cacycle/wikEd}"
}
@book{book:introduction,
	author =       "C. J. Date",
	title =        "An Introduction to Database Systems, 8/E",
	publisher =    "Addison-Wesley",
	year =         "2004"
}






@misc{wiki:latex,
    key =          "13240150",
    title =        "{LaTeX}",
    howpublished = "[online]",
    month =        "lipiec",
    year =         "2008",
    note =         "[dostęp: 2008-09-10 20:48Z]",
    annote = "Dostępny w Internecie: \url{http://pl.wikipedia.org/wiki/Fullpagename?oldid=13240150}"
}
